@article{Coogan:2022qxs,
    author = "Coogan, Adam and Edwards, Thomas D. P. and Chia, Horng Sheng and George, Richard N. and Freese, Katherine and Messick, Cody and Setzer, Christian N. and Weniger, Christoph and Zimmerman, Aaron",
    title = "{Efficient Template Bank Generation with Differentiable Waveforms}",
    eprint = "2202.09380",
    archivePrefix = "arXiv",
    primaryClass = "astro-ph.IM",
    reportNumber = "UTTG 26-2021, NORDITA-2022-004",
    month = "2",
    year = "2022"
}

@article{Wong:2022flg,
    author = "Wong, Kaze W. K. and Breivik, Katelyn and Farr, Will M. and Luger, Rodrigo",
    title = "{Backward Population Synthesis: Mapping the Evolutionary History of Gravitational-Wave Progenitors}",
    eprint = "2206.04062",
    archivePrefix = "arXiv",
    primaryClass = "astro-ph.HE",
    month = "6",
    year = "2022"
}

@ARTICLE{2017arXiv170102434B,
       author = {{Betancourt}, Michael},
        title = "{A Conceptual Introduction to Hamiltonian Monte Carlo}",
      journal = {arXiv e-prints},
     keywords = {Statistics - Methodology},
         year = 2017,
        month = jan,
          eid = {arXiv:1701.02434},
        pages = {arXiv:1701.02434},
archivePrefix = {arXiv},
       eprint = {1701.02434},
 primaryClass = {stat.ME},
       adsurl = {https://ui.adsabs.harvard.edu/abs/2017arXiv170102434B},
      adsnote = {Provided by the SAO/NASA Astrophysics Data System}
}

@article{Owen:1998dk,
    author = "Owen, Benjamin J. and Sathyaprakash, B. S.",
    title = "{Matched filtering of gravitational waves from inspiraling compact binaries: Computational cost and template placement}",
    eprint = "gr-qc/9808076",
    archivePrefix = "arXiv",
    reportNumber = "GRP-505",
    doi = "10.1103/PhysRevD.60.022002",
    journal = "Phys. Rev. D",
    volume = "60",
    pages = "022002",
    year = "1999"
}

@ARTICLE{2022arXiv221106397W,
       author = {{Wong}, Kaze W.~K. and {Gabri{\'e}}, Marylou and {Foreman-Mackey}, Daniel},
        title = "{flowMC: Normalizing-flow enhanced sampling package for probabilistic inference in Jax}",
      journal = {arXiv e-prints},
     keywords = {Astrophysics - Instrumentation and Methods for Astrophysics},
         year = 2022,
        month = nov,
          eid = {arXiv:2211.06397},
        pages = {arXiv:2211.06397},
archivePrefix = {arXiv},
       eprint = {2211.06397},
 primaryClass = {astro-ph.IM},
       adsurl = {https://ui.adsabs.harvard.edu/abs/2022arXiv221106397W},
      adsnote = {Provided by the SAO/NASA Astrophysics Data System}
}

@article{Gabrie:2021tlu,
    author = "Gabri\'e, Marylou and Rotskoff, Grant M. and Vanden-Eijnden, Eric",
    title = "{Adaptive Monte Carlo augmented with normalizing flows}",
    eprint = "2105.12603",
    archivePrefix = "arXiv",
    primaryClass = "physics.data-an",
    doi = "10.1073/pnas.2109420119",
    journal = "Proc. Nat. Acad. Sci.",
    volume = "119",
    number = "10",
    pages = "e2109420119",
    year = "2022"
}

@ARTICLE{dynesty,
       author = {{Speagle}, Joshua S.},
        title = "{DYNESTY: a dynamic nested sampling package for estimating Bayesian posteriors and evidences}",
      journal = {\mnras},
     keywords = {methods: data analysis, methods: statistical, Astrophysics - Instrumentation and Methods for Astrophysics, Statistics - Computation},
         year = 2020,
        month = apr,
       volume = {493},
       number = {3},
        pages = {3132-3158},
          doi = {10.1093/mnras/staa278},
archivePrefix = {arXiv},
       eprint = {1904.02180},
 primaryClass = {astro-ph.IM},
       adsurl = {https://ui.adsabs.harvard.edu/abs/2020MNRAS.493.3132S},
      adsnote = {Provided by the SAO/NASA Astrophysics Data System}
}

@article{multinest,
    author = "Feroz, F. and Hobson, M. P. and Bridges, M.",
    title = "{MultiNest: an efficient and robust Bayesian inference tool for cosmology and particle physics}",
    eprint = "0809.3437",
    archivePrefix = "arXiv",
    primaryClass = "astro-ph",
    doi = "10.1111/j.1365-2966.2009.14548.x",
    journal = "Mon. Not. Roy. Astron. Soc.",
    volume = "398",
    pages = "1601--1614",
    year = "2009"
}

@article{LIGOScientific:2021djp,
    author = "Abbott, R. and others",
    collaboration = "LIGO Scientific, VIRGO, KAGRA",
    title = "{GWTC-3: Compact Binary Coalescences Observed by LIGO and Virgo During the Second Part of the Third Observing Run}",
    eprint = "2111.03606",
    archivePrefix = "arXiv",
    primaryClass = "gr-qc",
    reportNumber = "LIGO-P2000318",
    month = "11",
    year = "2021"
}

@article{Reitze:2019iox,
    author = "Reitze, David and others",
    title = "{Cosmic Explorer: The U.S. Contribution to Gravitational-Wave Astronomy beyond LIGO}",
    eprint = "1907.04833",
    archivePrefix = "arXiv",
    primaryClass = "astro-ph.IM",
    reportNumber = "LIGO-P1900316",
    journal = "Bull. Am. Astron. Soc.",
    volume = "51",
    number = "7",
    pages = "035",
    year = "2019"
}

@article{Maggiore:2019uih,
    author = "Maggiore, Michele and others",
    title = "{Science Case for the Einstein Telescope}",
    eprint = "1912.02622",
    archivePrefix = "arXiv",
    primaryClass = "astro-ph.CO",
    doi = "10.1088/1475-7516/2020/03/050",
    journal = "JCAP",
    volume = "03",
    pages = "050",
    year = "2020"
}

@unpublished{PEpaper,
    author = "Wong, Kaze W. K. and Isi, Maximiliano and Edwards, Thomas D. P.",
    title = "{Turbo PE}",
    year = "{in prep.}"
}

@article{Owen:1995tm,
    author = "Owen, Benjamin J.",
    title = "{Search templates for gravitational waves from inspiraling binaries: Choice of template spacing}",
    eprint = "gr-qc/9511032",
    archivePrefix = "arXiv",
    doi = "10.1103/PhysRevD.53.6749",
    journal = "Phys. Rev. D",
    volume = "53",
    pages = "6749--6761",
    year = "1996"
}

@software{ripple,
  author = {Coogan, Adam and Edwards, Thomas and Foreman-Mackey, Daniel and Isi, Maximiliano and Wong, Kaze and Zimmerman, Aaron},
  title = {ripple},
  url = {https://github.com/tedwards2412/ripple},
  version = {0.0.1},
  year = {2022},
}

@incollection{pytorch,
    title = {PyTorch: An Imperative Style, High-Performance Deep Learning Library},
    author = {Paszke, Adam and Gross, Sam and Massa, Francisco and Lerer, Adam and Bradbury, James and Chanan, Gregory and Killeen, Trevor and Lin, Zeming and Gimelshein, Natalia and Antiga, Luca and Desmaison, Alban and Kopf, Andreas and Yang, Edward and DeVito, Zachary and Raison, Martin and Tejani, Alykhan and Chilamkurthy, Sasank and Steiner, Benoit and Fang, Lu and Bai, Junjie and Chintala, Soumith},
    booktitle = {Advances in Neural Information Processing Systems 32},
    editor = {H. Wallach and H. Larochelle and A. Beygelzimer and F. d\textquotesingle Alch\'{e}-Buc and E. Fox and R. Garnett},
    pages = {8024--8035},
    year = {2019},
    publisher = {Curran Associates, Inc.},
    url = {http://papers.neurips.cc/paper/9015-pytorch-an-imperative-style-high-performance-deep-learning-library.pdf}
}

@misc{tensorflow2015-whitepaper,
title={ {TensorFlow}: Large-Scale Machine Learning on Heterogeneous Systems},
url={https://www.tensorflow.org/},
note={Software available from tensorflow.org},
author={
    Mart\'{i}n~Abadi and
    Ashish~Agarwal and
    Paul~Barham and
    Eugene~Brevdo and
    Zhifeng~Chen and
    Craig~Citro and
    Greg~S.~Corrado and
    Andy~Davis and
    Jeffrey~Dean and
    Matthieu~Devin and
    Sanjay~Ghemawat and
    Ian~Goodfellow and
    Andrew~Harp and
    Geoffrey~Irving and
    Michael~Isard and
    Yangqing Jia and
    Rafal~Jozefowicz and
    Lukasz~Kaiser and
    Manjunath~Kudlur and
    Josh~Levenberg and
    Dandelion~Man\'{e} and
    Rajat~Monga and
    Sherry~Moore and
    Derek~Murray and
    Chris~Olah and
    Mike~Schuster and
    Jonathon~Shlens and
    Benoit~Steiner and
    Ilya~Sutskever and
    Kunal~Talwar and
    Paul~Tucker and
    Vincent~Vanhoucke and
    Vijay~Vasudevan and
    Fernanda~Vi\'{e}gas and
    Oriol~Vinyals and
    Pete~Warden and
    Martin~Wattenberg and
    Martin~Wicke and
    Yuan~Yu and
    Xiaoqiang~Zheng},
  year={2015},
}

@article{forwarddiff,
    title = {Forward-Mode Automatic Differentiation in {J}ulia},
   author = {{Revels}, J. and {Lubin}, M. and {Papamarkou}, T.},
  journal = {arXiv:1607.07892 [cs.MS]},
     year = {2016},
      url = {https://arxiv.org/abs/1607.07892}
}

@article{zygote,
  author    = {Michael Innes},
  title     = {Don't Unroll Adjoint: Differentiating SSA-Form Programs},
  journal   = {CoRR},
  volume    = {abs/1810.07951},
  year      = {2018},
  url       = {http://arxiv.org/abs/1810.07951},
  archivePrefix = {arXiv},
  eprint    = {1810.07951},
  timestamp = {Tue, 30 Oct 2018 20:39:56 +0100},
  biburl    = {https://dblp.org/rec/bib/journals/corr/abs-1810-07951},
  bibsource = {dblp computer science bibliography, https://dblp.org}
}

@software{jax2018github,
  author = {James Bradbury and Roy Frostig and Peter Hawkins and Matthew James Johnson and Chris Leary and Dougal Maclaurin and George Necula and Adam Paszke and Jake Vander{P}las and Skye Wanderman-{M}ilne and Qiao Zhang},
  title = {{JAX}: composable transformations of {P}ython+{N}um{P}y programs},
  url = {http://github.com/google/jax},
  version = {0.2.5},
  year = {2018},
}

@article{LIGOScientific:2020kqk,
    author = "Abbott, R. and others",
    collaboration = "LIGO Scientific, Virgo",
    title = "{Population Properties of Compact Objects from the Second LIGO-Virgo Gravitational-Wave Transient Catalog}",
    eprint = "2010.14533",
    archivePrefix = "arXiv",
    primaryClass = "astro-ph.HE",
    reportNumber = "LIGO-P2000077",
    doi = "10.3847/2041-8213/abe949",
    journal = "Astrophys. J. Lett.",
    volume = "913",
    number = "1",
    pages = "L7",
    year = "2021"
}

@article{Biwer:2018osg,
    author = "Biwer, C. M. and Capano, Collin D. and De, Soumi and Cabero, Miriam and Brown, Duncan A. and Nitz, Alexander H. and Raymond, V.",
    title = "{PyCBC Inference: A Python-based parameter estimation toolkit for compact binary coalescence signals}",
    eprint = "1807.10312",
    archivePrefix = "arXiv",
    primaryClass = "astro-ph.IM",
    doi = "10.1088/1538-3873/aaef0b",
    journal = "Publ. Astron. Soc. Pac.",
    volume = "131",
    number = "996",
    pages = "024503",
    year = "2019"
}

@article{Veitch:2014wba,
    author = "Veitch, J. and others",
    title = "{Parameter estimation for compact binaries with ground-based gravitational-wave observations using the LALInference software library}",
    eprint = "1409.7215",
    archivePrefix = "arXiv",
    primaryClass = "gr-qc",
    reportNumber = "LIGO-P1400152",
    doi = "10.1103/PhysRevD.91.042003",
    journal = "Phys. Rev. D",
    volume = "91",
    number = "4",
    pages = "042003",
    year = "2015"
}

@article{LIGOScientific:2016lio,
    author = "Abbott, B. P. and others",
    collaboration = "LIGO Scientific, Virgo",
    title = "{Tests of general relativity with GW150914}",
    eprint = "1602.03841",
    archivePrefix = "arXiv",
    primaryClass = "gr-qc",
    reportNumber = "LIGO-P1500213",
    doi = "10.1103/PhysRevLett.116.221101",
    journal = "Phys. Rev. Lett.",
    volume = "116",
    number = "22",
    pages = "221101",
    year = "2016",
    note = "[Erratum: Phys.Rev.Lett. 121, 129902 (2018)]"
}

@article{Khan:2015jqa,
    author = {Khan, Sebastian and Husa, Sascha and Hannam, Mark and Ohme, Frank and P\"urrer, Michael and Jim\'enez Forteza, Xisco and Boh\'e, Alejandro},
    title = "{Frequency-domain gravitational waves from nonprecessing black-hole binaries. II. A phenomenological model for the advanced detector era}",
    eprint = "1508.07253",
    archivePrefix = "arXiv",
    primaryClass = "gr-qc",
    doi = "10.1103/PhysRevD.93.044007",
    journal = "Phys. Rev. D",
    volume = "93",
    number = "4",
    pages = "044007",
    year = "2016"
}

@article{LIGOScientific:2020tif,
    author = "Abbott, R. and others",
    collaboration = "LIGO Scientific, Virgo",
    title = "{Tests of general relativity with binary black holes from the second LIGO-Virgo gravitational-wave transient catalog}",
    eprint = "2010.14529",
    archivePrefix = "arXiv",
    primaryClass = "gr-qc",
    reportNumber = "LIGO-P2000091",
    doi = "10.1103/PhysRevD.103.122002",
    journal = "Phys. Rev. D",
    volume = "103",
    number = "12",
    pages = "122002",
    year = "2021"
}

@article{Krishnendu:2021fga,
    author = "Krishnendu, N. V. and Ohme, Frank",
    title = "{Testing General Relativity with Gravitational Waves: An Overview}",
    eprint = "2201.05418",
    archivePrefix = "arXiv",
    primaryClass = "gr-qc",
    doi = "10.3390/universe7120497",
    journal = "Universe",
    volume = "7",
    number = "12",
    pages = "497",
    year = "2021"
}

@article{Romero-Shaw:2020owr,
    author = "Romero-Shaw, I. M. and others",
    title = "{Bayesian inference for compact binary coalescences with bilby: validation and application to the first LIGO\textendash{}Virgo gravitational-wave transient catalogue}",
    eprint = "2006.00714",
    archivePrefix = "arXiv",
    primaryClass = "astro-ph.IM",
    doi = "10.1093/mnras/staa2850",
    journal = "Mon. Not. Roy. Astron. Soc.",
    volume = "499",
    number = "3",
    pages = "3295--3319",
    year = "2020"
}

@article{Ashton:2018jfp,
    author = "Ashton, Gregory and others",
    title = "{BILBY: A user-friendly Bayesian inference library for gravitational-wave astronomy}",
    eprint = "1811.02042",
    archivePrefix = "arXiv",
    primaryClass = "astro-ph.IM",
    doi = "10.3847/1538-4365/ab06fc",
    journal = "Astrophys. J. Suppl.",
    volume = "241",
    number = "2",
    pages = "27",
    year = "2019"
}

@ARTICLE{2020MNRAS.493.3132S,
       author = {{Speagle}, Joshua S.},
        title = "{DYNESTY: a dynamic nested sampling package for estimating Bayesian posteriors and evidences}",
      journal = {\mnras},
     keywords = {methods: data analysis, methods: statistical, Astrophysics - Instrumentation and Methods for Astrophysics, Statistics - Computation},
         year = 2020,
        month = apr,
       volume = {493},
       number = {3},
        pages = {3132-3158},
          doi = {10.1093/mnras/staa278},
archivePrefix = {arXiv},
       eprint = {1904.02180},
 primaryClass = {astro-ph.IM},
       adsurl = {https://ui.adsabs.harvard.edu/abs/2020MNRAS.493.3132S},
      adsnote = {Provided by the SAO/NASA Astrophysics Data System}
}

@article{Christensen:2022bxb,
    author = "Christensen, Nelson and Meyer, Renate",
    title = "{Parameter estimation with gravitational waves}",
    eprint = "2204.04449",
    archivePrefix = "arXiv",
    primaryClass = "gr-qc",
    doi = "10.1103/RevModPhys.94.025001",
    journal = "Rev. Mod. Phys.",
    volume = "94",
    number = "2",
    pages = "025001",
    year = "2022"
}

@article{Husa:2015iqa,
    author = {Husa, Sascha and Khan, Sebastian and Hannam, Mark and P\"urrer, Michael and Ohme, Frank and Jim\'enez Forteza, Xisco and Boh\'e, Alejandro},
    title = "{Frequency-domain gravitational waves from nonprecessing black-hole binaries. I. New numerical waveforms and anatomy of the signal}",
    eprint = "1508.07250",
    archivePrefix = "arXiv",
    primaryClass = "gr-qc",
    doi = "10.1103/PhysRevD.93.044006",
    journal = "Phys. Rev. D",
    volume = "93",
    number = "4",
    pages = "044006",
    year = "2016"
}

@article{Iacovelli:2022bbs,
    author = "Iacovelli, Francesco and Mancarella, Michele and Foffa, Stefano and Maggiore, Michele",
    title = "{Forecasting the detection capabilities of third-generation gravitational-wave detectors using GWFAST}",
    eprint = "2207.02771",
    archivePrefix = "arXiv",
    primaryClass = "gr-qc",
    month = "7",
    year = "2022"
}

@article{Iacovelli:2022mbg,
    author = "Iacovelli, Francesco and Mancarella, Michele and Foffa, Stefano and Maggiore, Michele",
    title = "{Supplement to "Forecasting the detection capabilities of third-generation gravitational-wave detectors using GWFAST": how to GWFAST}",
    eprint = "2207.06910",
    archivePrefix = "arXiv",
    primaryClass = "astro-ph.IM",
    month = "7",
    year = "2022"
}

@article{Borhanian:2020ypi,
    author = "Borhanian, Ssohrab",
    title = "{GWBENCH: a novel Fisher information package for gravitational-wave benchmarking}",
    eprint = "2010.15202",
    archivePrefix = "arXiv",
    primaryClass = "gr-qc",
    doi = "10.1088/1361-6382/ac1618",
    journal = "Class. Quant. Grav.",
    volume = "38",
    number = "17",
    pages = "175014",
    year = "2021"
}